@ONLINE{wiki:protocol,
  url = {https://bitmessage.org/wiki/Protocol_specification},
  title = {Bitmessage Wiki: Protocol Specification},
  publisher = {Bitmessage Wiki},
  urldate = {2015-04-24},
  author = {Warren, Jonathan 'Atheros' and Coe, Jonathan},
  note = {\url{https://bitmessage.org/wiki/Protocol_specification}},
  year = {2015},
}

@ONLINE{wiki:prefixfilter,
  url = {https://bitmessage.org/wiki/Scalability_through_Prefix_Filtering},
  title = {Bitmessage Wiki: Scalability through Prefix Filtering},
  publisher = {Bitmessage Wiki},
  urldate = {2015-05-22},
  author = {Coe, Jonathan},
  note = {\url{https://bitmessage.org/wiki/Scalability_through_Prefix_Filtering}},
  year = {2015},
}

@ONLINE{issue:112,
  url = {https://github.com/Bitmessage/PyBitmessage/issues/112},
  title = {BigInv and ping/pong},
  publisher = {github.com},
  urldate = {2015-05-22},
  author = {Warren, Jonathan 'Atheros' and ISibbol},
  note = {\url{https://github.com/Bitmessage/PyBitmessage/issues/112}},
  year = {2015},
}

@ONLINE{guardian:metadata,
  url = {http://www.theguardian.com/world/2013/sep/30/nsa-americans-metadata-year-documents},
  title = {NSA stores metadata of millions of web users for up to a year, secret files show},
  publisher = {The Guardian},
  urldate = {2015-10-30},
  author = {James Ball},
  note = {\url{http://www.theguardian.com/world/2013/sep/30/nsa-americans-metadata-year-documents}},
  year = {2013}	
}

@ONLINE{bouncy,
  url = {https://www.bouncycastle.org},
  title = {The Legion of the Bouncy Castle},
  note = {\url{https://www.bouncycastle.org}}
}