@ONLINE{wiki:protocol,
  url = {https://bitmessage.org/wiki/Protocol_specification},
  title = {Bitmessage Wiki: Protocol Specification},
  publisher = {Bitmessage Wiki},
  urldate = {2015-04-24},
  author = {Warren, Jonathan 'Atheros' and Coe, Jonathan},
  note = {\\ \url{https://bitmessage.org/wiki/Protocol_specification}},
  year = {2015},
}

@ONLINE{wiki:prefixfilter,
  url = {https://bitmessage.org/wiki/Scalability_through_Prefix_Filtering},
  title = {Bitmessage Wiki: Scalability through Prefix Filtering},
  publisher = {Bitmessage Wiki},
  urldate = {2015-05-22},
  author = {Coe, Jonathan},
  note = {\\ \url{https://bitmessage.org/wiki/Scalability_through_Prefix_Filtering}},
  year = {2015},
}

@ONLINE{forum:msg7871,
  url = {https://bitmessage.org/forum/index.php?topic=3725.msg7871},
  title = {A tweak to enable trust-less BM relay servers (and lightweight mobile clients)},
  publisher = {Bitmessage Forum},
  urldate = {2015-05-25},
  author = {Dan Smith},
  note = {\\ \url{https://bitmessage.org/forum/index.php?topic=3725.msg7871}},
  year = {2014}
}

@ONLINE{issue:112,
  url = {https://github.com/Bitmessage/PyBitmessage/issues/112},
  title = {BigInv and ping/pong},
  publisher = {github.com},
  urldate = {2015-05-22},
  author = {Warren, Jonathan 'Atheros' and ISibbol},
  note = {\\ \url{https://github.com/Bitmessage/PyBitmessage/issues/112}},
  year = {2015},
}

@ONLINE{xkcd:538,
  url = {http://xkcd.com/538/},
  title = {Security},
  publisher = {xkcd.com},
  urldate = {2015-05-25},
  author = {Randall Munroe},
  note = {\\ \url{http://xkcd.com/538/}}
}